<?xml version="1.0" encoding="UTF-8"?><record xmlns="http://www.loc.gov/MARC21/slim" xmlns:cinclude="http://apache.org/cocoon/include/1.0" xmlns:zs="http://www.loc.gov/zing/srw/">
  <leader>00587cz  a2200145n  4500</leader>
  <controlfield tag="001">n  89262283 </controlfield>
  <controlfield tag="003">DLC</controlfield>
  <controlfield tag="005">20050630033134.0</controlfield>
  <controlfield tag="008">920603n| acannaabn          |a aaa      </controlfield>
  <datafield tag="010" ind1=" " ind2=" ">
    <subfield code="a">n  89262283 </subfield>
  </datafield>
  <datafield tag="040" ind1=" " ind2=" ">
    <subfield code="a">DLC</subfield>
    <subfield code="b">eng</subfield>
    <subfield code="c">DLC</subfield>
    <subfield code="d">DLC</subfield>
    <subfield code="d">CSt</subfield>
  </datafield>
  <datafield tag="100" ind1="0" ind2=" ">
    <subfield code="a">Ṭaṅka Ke. Sī.,</subfield>
    <subfield code="d">1959-</subfield>
  </datafield>
  <datafield tag="400" ind1="0" ind2=" ">
    <subfield code="a">Tanka K. C.</subfield>
    <subfield code="q">(Tanka Khadka C.),</subfield>
    <subfield code="d">1959-</subfield>
  </datafield>
  <datafield tag="670" ind1=" " ind2=" ">
    <subfield code="a">His Hāmro lokasaṅgīta ra saṃskr̥ti, 1991:</subfield>
    <subfield code="b">cover (Ṭaṅka Ke. Sī.) cover, p. 4 (b. 2016 sala, Asoja 18)</subfield>
  </datafield>
  <datafield tag="670" ind1=" " ind2=" ">
    <subfield code="a">His The culture, tourism &amp; nature of Nepal, 2004:</subfield>
    <subfield code="b">cover (Tanka K.C.) p. 4 of cover (Tanka K.C. (Khadka); b. 2016/06/18)</subfield>
  </datafield>
</record>